@book{russo2011aerodynamic,
title={Aerodynamic measurements: from physical principles to turnkey instrumentation},
author={Russo, Giuseppe P},
year={2011},
publisher={Elsevier}
}

@book{tropea2007springer,
title={Springer handbook of experimental fluid mechanics},
author={Tropea, Cameron and Yarin, Alexander L and Foss, John F},
volume={1},
year={2007},
publisher={Springer Science \& Business Media}
}

@incollection{mckeon2007velocity,
title={Velocity, vorticity, and Mach number},
author={McKeon, Beverley and Comte-Bellot, Genevi{\`e}ve and Foss, John and Westerweel, Jerry and Scarano, Fulvio and Tropea, Cameron and Meyers, James and Lee, Joseph and Cavone, Angelo and Schodl, Richard and others},
booktitle={Springer handbook of experimental fluid mechanics},
pages={215--471},
year={2007},
publisher={Springer}
}

@incollection{glauert1935airplane,
title={Airplane propellers},
author={Glauert, Hermann},
booktitle={Aerodynamic theory},
pages={169--360},
year={1935},
publisher={Springer}
}

@misc{segalini2018windtunnel,
author        = {Antonio Segalini},
title         = {Wind-tunnel characterisation of a wind-turbine model},
howpublished={Private communication},
year          = {2018},
publisher={KTH}
}

@techreport{alfredsson1979preliminary,
title={A Preliminary Wind Tunnel Study of Windmill Wake Dispersion in Various Flow Conditions},
author={Alfredsson, P.H. and Dahlberg, J.{\AA}.},
institution={FFA Technical Note AU‚Äê1499},
year={1979}
}

@book{schaffarczyk2014introduction,
title={Introduction to wind turbine aerodynamics},
author={Schaffarczyk, Alois Peter},
year={2014},
publisher={Springer}
}

@article{wilson1974applied,
title={Applied aerodynamics of wind power machines},
author={Wilson, Robert E and Lissaman, Peter BS},
journal={NASA STI/Recon Technical Report N},
volume={75},
year={1974}
}

@article{gupta1974theoretical,
title={Theoretical analysis of the aerodynamic stability of multiple, interdigitated helical vortices},
author={Gupta, BP and Loewy, RG},
journal={AIAA journal},
volume={12},
number={10},
pages={1381--1387},
year={1974}
}

@techreport{gupta1973analytical,
title={Analytical Investigation of the Aerodynamic Stability of Helical Vortices Shed From a Hovering Rotor},
author={Gupta, Bharat P and Loewy, Robert G},
year={1973},
number={USAAMRDL TR-73-84},
institution={University of Rochester}
}

@inproceedings{ivanell2015comparison,
title={Comparison between experiments and Large-Eddy Simulations of tip spiral structure and geometry},
author={Ivanell, Stefan and Leweke, Thomas and Sarmast, Sasan and Quaranta, Hugo Umberto and Mikkelsen, Robert Flemming and S{\o}rensen, Jens N{\o}rk{\ae}r},
booktitle={Journal of Physics: Conference Series},
volume={625},
number={1},
pages={012018},
year={2015},
organization={IOP Publishing}
}

@misc{brynjell2017note,
title={A note on the numerical realization of helical vortices: application to vortex instability},
author={Brynjell-Rahkola, Mattias and Henningson, Dan S},
year={2017}
}

@inproceedings{walther2007numerical,
title={A numerical study of the stabilitiy of helical vortices using vortex methods},
author={Walther, Jens Honore and Guenot, Marc and Machefaux, Ewan and Rasmussen, Johannes Toph{\o}j and Chatelain, Philippe and Okulov, VL and S{\o}rensen, Jens N{\o}rk{\ae}r and Bergdorf, Michael and Koumoutsakos, Petros},
booktitle={Journal of Physics: Conference Series},
volume={75},
number={1},
pages={012034},
year={2007},
organization={IOP Publishing}
}

@article{venegas2019generalized,
title={Generalized helical vortex pairs},
author={Venegas, E Dur{\'a}n and Le Diz{\`e}s, St{\'e}phane},
journal={Journal of Fluid Mechanics},
volume={865},
pages={523--545},
year={2019},
publisher={Cambridge University Press}
}

@article{kleine2019tip,
title={Tip-vortex instabilities of two in-line wind turbines},
author={Kleine, Vitor G and Kleusberg, Elektra and Hanifi, Ardeshir and Henningson, Dan S},
journal={Journal of Physics: Conference Series},
volume={1256},
pages={012015},
year={2019},
organization={IOP Publishing}
}


@article{quaranta2015long,
title={Long-wave instability of a helical vortex},
author={Quaranta, Hugo Umberto and Bolnot, Hadrien and Leweke, Thomas},
journal={Journal of Fluid Mechanics},
volume={780},
pages={687--716},
year={2015},
publisher={Cambridge University Press}
}

@article{widnall1972stability,
title={The stability of a helical vortex filament},
author={Widnall, Sheila E},
journal={Journal of Fluid Mechanics},
volume={54},
number={4},
pages={641--663},
year={1972},
publisher={Cambridge University Press}
}

@article{sarmast2014mutual,
title={Mutual inductance instability of the tip vortices behind a wind turbine},
author={Sarmast, Sasan and Dadfar, Reza and Mikkelsen, Robert F and Schlatter, Philipp and Ivanell, Stefan and S{\o}rensen, Jens N and Henningson, Dan S},
journal={Journal of Fluid Mechanics},
volume={755},
pages={705--731},
year={2014},
publisher={Cambridge University Press}
}

@article{rosenhead1930spread,
title={The spread of vorticity in the wake behind a cylinder},
author={Rosenhead, Louis},
journal={Proceedings of the Royal Society of London. Series A, Containing papers of a mathematical and physical character},
volume={127},
number={806},
pages={590--612},
year={1930},
publisher={The Royal Society London}
}

@article{moore1972finite,
title={Finite amplitude waves on aircraft trailing vortices},
author={Moore, DW},
journal={The Aeronautical Quarterly},
volume={23},
number={4},
pages={307--314},
year={1972},
publisher={Cambridge University Press}
}

@book{saffman1992vortex,
title={Vortex dynamics},
author={Saffman, Philip G},
year={1992},
publisher={Cambridge university press}
}

@article{segalini2013simplified,
title={A simplified vortex model of propeller and wind-turbine wakes},
author={Segalini, Antonio and Alfredsson, P Henrik},
journal={Journal of Fluid Mechanics},
volume={725},
pages={91--116},
year={2013},
publisher={Cambridge University Press}
}

@article{kleusberg2016actuator,
title={Actuator line simulations of a Joukowsky and Tj{\ae}reborg rotor using spectral element and finite volume methods},
author={Kleusberg, Elektra and Sarmast, S and Schlatter, Philipp and Ivanell, Stefan and Henningson, Dan S},
journal={Journal of Physics: Conference Series},
volume={753},
number={8},
pages={082011},
year={2016},
organization={IOP Publishing}
}

@phdthesis{kleusberg2019wind,
title={Wind-turbine wakes-Effects of yaw, shear and turbine interaction},
author={Kleusberg, Elektra},
year={2019},
school={KTH Royal Institute of Technology}
}

@article{dag2020new,
title={A new tip correction for actuator line computations},
author={Da{\u{g}}, Kaya Onur and S{\o}rensen, Jens N{\o}rk{\ae}r},
journal={Wind Energy},
volume={23},
number={2},
pages={148--160},
year={2020},
publisher={Wiley Online Library}
}

@phdthesis{dag2017combined,
title={Combined pseudo-spectral/actuator line model for wind turbine applications},
author={Da{\u{g}}, Kaya Onur},
year={2017},
school={DTU Technical University of Denmark}
}

@article{martinez2019filtered,
title={Filtered lifting line theory and application to the actuator line model},
author={Mart{\'\i}nez-Tossas, Luis A and Meneveau, Charles},
journal={Journal of Fluid Mechanics},
volume={863},
number={NREL/JA-5000-72646},
year={2019},
publisher={National Renewable Energy Lab.(NREL), Golden, CO (United States)}
}

@article{meyer2019vortex,
title={A vortex-based tip/smearing correction for the actuator line},
author={Meyer Forsting, Alexander R and Pirrung, Georg Raimund and Ramos-Garc{\'\i}a, N{\'e}stor},
journal={Wind Energy Science},
volume={4},
number={2},
pages={369--383},
year={2019},
publisher={Copernicus GmbH}
}

@article{caprace2020immersed,
title={An immersed lifting and dragging line model for the vortex particle-mesh method},
author={Caprace, Denis-Gabriel and Winckelmans, Gr{\'e}goire and Chatelain, Philippe},
journal={Theoretical and Computational Fluid Dynamics},
pages={1--28},
year={2020},
publisher={Springer}
}

@article{meyer2020brief,
title={Brief communication: A fast vortex-based smearing correction for the actuator line},
author={Meyer Forsting, Alexander R and Pirrung, Georg R and Ramos-Garc{\'\i}a, N{\'e}stor},
journal={Wind Energy Science},
volume={5},
number={1},
pages={349--353},
year={2020},
publisher={Copernicus GmbH}
}

@article{sorensen2002numerical,
title={Numerical modeling of wind turbine wakes},
author={Sorensen, Jens Nork{\ae}r and Shen, Wen Zhong},
journal={J. Fluids Eng.},
volume={124},
number={2},
pages={393--399},
year={2002}
}

@article{caprace2019lifting,
title={Lifting line with various mollifications: theory and application to an elliptical wing},
author={Caprace, Denis-Gabriel and Chatelain, Philippe and Winckelmans, Gr{\'e}goire},
journal={AIAA Journal},
volume={57},
number={1},
pages={17--28},
year={2019},
publisher={American Institute of Aeronautics and Astronautics}
}

@phdthesis{troldborg2009actuator,
title={Actuator line modeling of wind turbine wakes},
author={Troldborg, Niels},
year={2009},
school={DTU Technical University of Denmark}
}

@phdthesis{mikkelsen2003actuator,
title={Actuator disc methods applied to wind turbines},
author={Mikkelsen, Robert},
year={2003},
school={DTU Technical University of Denmark}
}


@incollection{ivanell2007numerical,
title={Numerical computations of wind turbine wakes},
author={Ivanell, Stefan and S{\o}rensen, Jens N and Henningson, Dan},
booktitle={Wind Energy},
pages={259--263},
year={2007},
publisher={Springer}
}

@article{sorensen2015simulation,
title={Simulation of wind turbine wakes using the actuator line technique},
author={S{\o}rensen, Jens N and Mikkelsen, Robert F and Henningson, Dan S and Ivanell, Stefan and Sarmast, Sasan and Andersen, S{\o}ren J},
journal={Philosophical Transactions of the Royal Society A: Mathematical, Physical and Engineering Sciences},
volume={373},
number={2035},
pages={20140071},
year={2015},
publisher={The Royal Society Publishing}
}


@article{shen2012actuator,
title={Actuator line/Navier--Stokes computations for the MEXICO rotor: comparison with detailed measurements},
author={Shen, Wen Zhong and Zhu, Wei Jun and S{\o}rensen, Jens N{\o}rk{\ae}r},
journal={Wind energy},
volume={15},
number={5},
pages={811--825},
year={2012},
publisher={Wiley Online Library}
}

@inproceedings{martinez2012comparison,
title={A comparison of actuator disk and actuator line wind turbine models and best practices for their use},
author={Martinez, Luis A and Leonardi, Stefano and Churchfield, Matthew J and Moriarty, Patrick J},
booktitle={50th AIAA Aerospace Sciences Meeting including the New Horizons Forum and Aerospace Exposition},
pages={900},
year={2012}
}

@book{sorensen2016general,
title={General momentum theory for horizontal axis wind turbines},
author={S{\o}rensen, Jens N{\o}rk{\ae}r},
volume={4},
year={2016},
series={Research Topics in Wind Energy},
publisher={Springer}
}

@book{lamb1932hydrodynamics,
title={Hydrodynamics},
author={Lamb, Horace},
year={1932},
publisher={University Press}
}

@inproceedings{forsythe2015coupled,
title={Coupled flight simulator and CFD calculations of ship airwake using kestrel},
author={Forsythe, James R and Lynch, Eric and Polsky, Susan and Spalart, Philippe},
booktitle={53rd AIAA Aerospace Sciences Meeting},
pages={0556},
year={2015}
}

@article{jha2014guidelines,
title={Guidelines for volume force distributions within actuator line modeling of wind turbines on large-eddy simulation-type grids},
author={Jha, Pankaj K and Churchfield, Matthew J and Moriarty, Patrick J and Schmitz, Sven},
journal={Journal of Solar Energy Engineering},
volume={136},
number={3},
year={2014},
publisher={American Society of Mechanical Engineers Digital Collection}
}

@article{shives2013mesh,
title={Mesh and load distribution requirements for actuator line CFD simulations},
author={Shives, Michael and Crawford, Curran},
journal={Wind Energy},
volume={16},
number={8},
pages={1183--1196},
year={2013},
publisher={Wiley Online Library}
}

@article{jha2018actuator,
title={Actuator curve embedding--an advanced actuator line model},
author={Jha, Pankaj K and Schmitz, Sven},
journal={Journal of Fluid Mechanics},
volume={834},
year={2018},
publisher={Cambridge University Press}
}

@book{widder1955convolution,
title={Convolution Transform},
author={Widder, David Vernon and Hirschman, Isidore Isaac},
year={1955},
publisher={Princeton University Press}
}

@book{anderson1991fundamentals,
title={Fundamentals of Aerodynamics},
author={Anderson Jr, JD},
year={1991},
publisher={McGraw-Hill Inc}
}

@book{katz1991low,
title={Low-speed aerodynamics: From wing theory to panel methods},
author={Katz, Joseph and Plotkin, Allen},
year={1991},
publisher={McGraw-Hill Inc}
}

@article{stanly2022large,
title={Large-Eddy Simulation of a wind turbine using a Filtered Actuator Line Model},
author={Stanly, Ronith and Mart{\'\i}nez-Tossas, Luis A and Frankel, Steven H and Delorme, Yann},
journal={Journal of Wind Engineering and Industrial Aerodynamics},
volume={222},
pages={104868},
year={2022},
publisher={Elsevier}
}

@inproceedings{churchfield2017advanced,
title={An advanced actuator line method for wind energy applications and beyond},
author={Churchfield, Matthew J and Schreck, Scott J and Martinez, Luis A and Meneveau, Charles and Spalart, Philippe R},
booktitle={35th Wind Energy Symposium},
pages={1998},
year={2017}
}

@article{martinez2017optimal,
title={Optimal smoothing length scale for actuator line models of wind turbine blades based on Gaussian body force distribution},
author={Mart{\'\i}nez-Tossas, Luis A and Churchfield, Matthew J and Meneveau, Charles},
journal={Wind Energy},
volume={20},
number={6},
pages={1083--1096},
year={2017},
publisher={Wiley Online Library}
}

@article{cormier2021evaluation,
title={Evaluation of the Effects of Actuator Line Force Smearing on Wind Turbines Near-Wake Development},
author={Cormier, Marion and Weihing, Pascal and Lutz, Thorsten},
journal={Journal of Physics: Conference Series},
volume={1934},
number={1},
pages={012013},
year={2021},
organization={IOP Publishing}
}

@book{hansen2015aerodynamics,
title={Aerodynamics of wind turbines},
author={Hansen, Martin},
year={2015},
publisher={Routledge}
}

@article{oseen1911uber,
title={{\"U}ber Wirbelbewegung in Einer Reibenden Fl{\"u}ssigkeit, Ark},
author={Oseen, CW},
journal={Ark. Mat. Astro. Fys.},
volume={7},
year={1911}
}

@misc{mathworks2022integral3,
author = {The MathWorks, Inc.},
title = {{integral3}: Numerically evaluate triple integral},
year = 2022,
howpublished = {https://se.mathworks.com/help/matlab/ref/integral3.html},
note = {Accessed: 2022-04-08}
}

@misc{mathworks2022interp1,
author = {The MathWorks, Inc.},
title = {{interp1}: 1-D data interpolation (table lookup)},
year = 2022,
howpublished = {https://se.mathworks.com/help/matlab/ref/interp1.html},
note = {Accessed: 2022-04-08}
}

@article{martinez2018comparison,
title={Comparison of four large-eddy simulation research codes and effects of model coefficient and inflow turbulence in actuator-line-based wind turbine modeling},
author={Martinez-Tossas, Luis A and Churchfield, Matthew J and Yilmaz, Ali Emre and Sarlak, Hamid and Johnson, Perry L and S{\o}rensen, Jens N and Meyers, Johan and Meneveau, Charles},
journal={Journal of Renewable and Sustainable Energy},
volume={10},
number={3},
pages={033301},
year={2018},
publisher={AIP Publishing LLC}
}

@article{kleusberg2017high,
title={High-order numerical simulations of wind turbine wakes},
author={Kleusberg, Elektra and Mikkelsen, Robert F. and Schlatter, Philipp and Ivanell, Stefan and Henningson, Dan S.},
journal={J. Phys.: Conf. Series},
volume={854},
pages={012025},
year={2017}
}

@Article{muhle2018blind,
AUTHOR = {M\"uhle, F. and Schottler, J. and Bartl, J. and Futrzynski, R. and Evans, S. and Bernini, L. and Schito, P. and Draper, M. and Guggeri, A. and Kleusberg, E. and Henningson, D. S. and H\"olling, M. and Peinke, J. and Adaramola, M. S. and S{\ae}tran, L.},
TITLE = {Blind test comparison on the wake behind a yawed wind turbine},
JOURNAL = {Wind Energy Sci.},
VOLUME = {3},
YEAR = {2018},
NUMBER = {2},
PAGES = {883--903},
}

@article{kleusberg2019tip,
title={Tip-vortex breakdown of wind turbines subject to shear},
author={Kleusberg, Elektra and Benard, Sabrina and Henningson, Dan S},
journal={Wind Energy},
volume={22},
number={12},
pages={1789--1799},
year={2019},
publisher={Wiley Online Library}
}

@article{el2013direct,
title={Direct numerical simulation of turbulent pipe flow at moderately high Reynolds numbers},
author={El Khoury, George K and Schlatter, Philipp and Noorani, Azad and Fischer, Paul F and Brethouwer, Geert and Johansson, Arne V},
journal={Flow, turbulence and combustion},
volume={91},
number={3},
pages={475--495},
year={2013},
publisher={Springer}
}

@article{maday1989spectral,
title={Spectral element methods for the incompressible Navier-Stokes equations},
author={Maday, Yvon and Patera, Anthony T},
journal={IN: State-of-the-art surveys on computational mechanics (A90-47176 21-64). New York},
pages={71--143},
year={1989}
}

@article{offermans2020adaptive,
title={Adaptive mesh refinement for steady flows in Nek5000},
author={Offermans, Nicolas and Peplinski, Adam and Marin, Oana and Schlatter, Philipp},
journal={Computers \& Fluids},
volume={197},
pages={104352},
year={2020},
publisher={Elsevier}
}

@article{tanarro2020enabling,
title={Enabling adaptive mesh refinement for spectral-element simulations of turbulence around wing sections},
author={Tanarro, {\'A}lvaro and Mallor, Ferm{\'\i}n and Offermans, Nicolas and Peplinski, Adam and Vinuesa, Ricardo and Schlatter, Philipp},
journal={Flow, Turbulence and Combustion},
volume={105},
number={2},
pages={415--436},
year={2020},
publisher={Springer}
}

@phdthesis{offermans2019aspects,
title={Aspects of adaptive mesh refinement in the spectral element method},
author={Offermans, Nicolas},
year={2019},
school={KTH Royal Institute of Technology}
}

@misc{fischer2008nek5000,
title={nek5000 Web page},
author={Fischer, Paul F and Lottes, James W and Kerkemeier, Stefan G},
howpublished = {https://nek5000.mcs.anl.gov/},
year={2008}
}

@article{fischer2001filter,
title={Filter-based stabilization of spectral element methods},
author={Fischer, Paul and Mullen, Julia},
journal={Comptes Rendus de l'Acad{\'e}mie des Sciences-Series I-Mathematics},
volume={332},
number={3},
pages={265--270},
year={2001},
publisher={Elsevier}
}

@misc{fischer2003implementation,
title={Implementation considerations for the OIFS/characteristics approach to convection problems},
author={Fischer, PF},
journal={Argonne National Laboratory},
year={2003}
}

@article{kleine2022stability,
title={The Stability of Wakes of Floating Wind Turbines},
author={Kleine, Vitor G and Franceschini, Lucas and Carmo, Bruno S and Hanifi, Ardeshir and Henningson, Dan S},
journal={Physics of Fluids},
volume={34},
number={074106},
doi={https://doi.org/10.1063/5.0092267},
year={2022}
}

@article{kleusberg2020parametric,
title={Parametric dependencies of the yawed wind-turbine wake development},
author={Kleusberg, Elektra and Schlatter, Philipp and Henningson, Dan S},
journal={Wind Energy},
volume={23},
number={6},
pages={1367--1380},
year={2020},
publisher={Wiley Online Library}
}

@techreport{jonkman2009definition,
title={Definition of a 5-MW reference wind turbine for offshore system development},
author={Jonkman, Jason and Butterfield, Sandy and Musial, Walter and Scott, George},
year={2009},
note={{Tech. Rep. NREL/TP-500-38060}},
institution={National Renewable Energy Laboratory}
}

@article{pirrung2016coupled,
title={A coupled near and far wake model for wind turbine aerodynamics},
author={Pirrung, Georg R and Madsen, Helge Aa and Kim, Taeseong and Heinz, J},
journal={Wind Energy},
volume={19},
number={11},
pages={2053--2069},
year={2016},
publisher={Wiley Online Library}
}

@article{pirrung2017trailed,
title={Trailed vorticity modeling for aeroelastic wind turbine simulations in standstill},
author={Pirrung, Georg R and Madsen, Helge A and Schreck, Scott},
journal={Wind Energy Science},
volume={2},
number={2},
pages={521--532},
year={2017},
publisher={Copernicus GmbH}
}

@article{meyer2019wake,
title={The wake of an actuator line with a vortex-based tip/smearing correction in uniform and turbulent inflow},
author={Meyer Forsting, Alexander R and Pirrung, Georg R and Ramos-Garc{\'\i}a, N{\'e}stor},
journal={Journal of Physics: Conference Series},
volume={1256},
number={1},
pages={012020},
year={2019},
organization={IOP Publishing}
}

@article{phillips2000modern,
title={Modern adaptation of Prandtl's classic lifting-line theory},
author={Phillips, Warren F and Snyder, DO},
journal={Journal of Aircraft},
volume={37},
number={4},
pages={662--670},
year={2000}
}

@book{leishman2000principles,
title={Principles of helicopter aerodynamics},
author={Leishman, Gordon J},
year={2000},
publisher={Cambridge university press}
}

@article{sorensen2016refined,
title={A refined tip correction based on decambering},
author={S{\o}rensen, Jens N and Dag, Kaya O and Ramos-Garc{\'\i}a, N{\'e}stor},
journal={Wind Energy},
volume={19},
number={5},
pages={787--802},
year={2016},
publisher={Wiley Online Library}
}

@article{leonard1980vortex,
title={Vortex methods for flow simulation},
author={Leonard, Anthony},
journal={Journal of Computational Physics},
volume={37},
number={3},
pages={289--335},
year={1980},
publisher={Elsevier}
}

@article{leonard1985computing,
title={Computing three-dimensional incompressible flows with vortex elements},
author={Leonard, Anthony},
journal={Annual review of fluid mechanics},
volume={17},
number={1},
pages={523--559},
year={1985}
}

@phdthesis{winckelmans1989topics,
title={Topics in vortex methods for the computation of three-and two-dimensional incompressible unsteady flows},
author={Winckelmans, Gregoire Stephane},
year={1989},
school={California Institute of Technology}
}

@techreport{kleusberg2019parametric,
title={Parametric study of the actuator-line method in high-order codes},
author={Kleusberg, Elektra and Schlatter, Philipp and Henningson, Dan S},
institution={KTH},
year={2019}
}

@article{martinez2015large,
title={Large eddy simulations of the flow past wind turbines: actuator line and disk modeling},
author={Mart{\'\i}nez-Tossas, Luis A and Churchfield, Matthew J and Leonardi, Stefano},
journal={Wind Energy},
volume={18},
number={6},
pages={1047--1060},
year={2015},
publisher={Wiley Online Library}
}

@phdthesis{martinez2017large,
title={Large eddy simulations and theoretical analysis of wind turbine aerodynamics using an actuator line model},
author={Mart{\'\i}nez Tossas, Luis A},
year={2017},
school={Johns Hopkins University}
}

@phdthesis{kleine2022onstability,
title={On stability of vortices and vorticity generated by actuator lines},
author={Kleine, Vitor G},
year={2022},
school={KTH Royal Institute of Technology}
}

@article{kleine2022simulating,
title={Simulating Airplane Aerodynamics with Body Forces: Actuator Line Method for Non-planar Wings},
author={Kleine, Vitor G and Hanifi, Ardeshir and Henningson, Dan S},
journal={AIAA Journal},
note={Published Online: 18 Feb 2023},
year={2023}
}

@article{rethore2012discrete,
title={A discrete force allocation algorithm for modelling wind turbines in computational fluid dynamics},
author={R{\'e}thor{\'e}, P-E and S{\o}rensen, Niels N},
journal={Wind Energy},
volume={15},
number={7},
pages={915--926},
year={2012},
publisher={Wiley Online Library}
}

@article{troldborg2015consistent,
title={A consistent method for finite volume discretization of body forces on collocated grids applied to flow through an actuator disk},
author={Troldborg, Niels and S{\o}rensen, Niels N and R{\'e}thor{\'e}, P-E and van der Laan, MP},
journal={Computers \& Fluids},
volume={119},
pages={197--203},
year={2015},
publisher={Elsevier}
}

@article{forsting2020generalised,
title={Generalised grid requirements minimizing the actuator line angle-of-attack error},
author={Meyer Forsting, Alexander R and Troldborg, Niels},
journal={Journal of Physics: Conference Series},
volume={1618},
pages={052001},
year={2020},
organization={IOP Publishing}
}

@inproceedings{papi2021development,
title={Development and validation of an advanced actuator line model for wind turbines},
author={Papi, Francesco and Melani, Pier Francesco and Xie, Shengbai and Perrone, Carmelo and Scienza, Pietro and Balduzzi, Francesco and Bianchini, Alessandro},
booktitle={E3S Web of Conferences},
volume={312},
pages={08004},
year={2021},
organization={EDP Sciences}
}

@article{yu2018study,
title={Study on actuator line modeling of two {NREL 5-MW} wind turbine wakes},
author={Yu, Ziying and Zheng, Xing and Ma, Qingwei},
journal={applied sciences},
volume={8},
number={3},
pages={434},
year={2018},
publisher={MDPI}
}

@inproceedings{shen2014study,
title={Study of tip loss corrections using CFD rotor computations},
author={Shen, Wen Zhong and Zhu, Wei Jun and S{\o}rensen, Jens N{\o}rk{\ae}r},
booktitle={Journal of Physics: Conference Series},
volume={555},
pages={012094},
year={2014},
organization={IOP Publishing}
}

@article{shen2005tip,
title={Tip loss corrections for wind turbine computations},
author={Shen, Wen Zhong and Mikkelsen, Robert and S{\o}rensen, Jens N{\o}rk{\ae}r and Bak, Christian},
journal={Wind Energy: An International Journal for Progress and Applications in Wind Power Conversion Technology},
volume={8},
number={4},
pages={457--475},
year={2005},
publisher={Wiley Online Library}
}

@book{boussinesq1877essai,
title={Essai sur la th{\'e}orie des eaux courantes},
author={Boussinesq, Jean},
year={1877},
publisher={Imprimerie nationale}
}

@article{germano1991dynamic,
title={A dynamic subgrid-scale eddy viscosity model},
author={Germano, Massimo and Piomelli, Ugo and Moin, Parviz and Cabot, William H},
journal={Physics of Fluids A: Fluid Dynamics},
volume={3},
number={7},
pages={1760--1765},
year={1991},
publisher={American Institute of Physics}
}

@article{lilly4proposed,
title={A proposed modification of the germano sub-grid closure method},
author={Lilly, DK},
journal={Phys. Fluids A},
volume={4},
year={1992},
pages={3}
}